<collection xmlns="http://www.loc.gov/MARC21/slim">
<record>
  <leader>02042nam0a2200361 i 450 </leader>
  <controlfield tag="001">IT\ICCU\CNCE\055174</controlfield>
  <controlfield tag="005">20160325000000.0</controlfield>
  <datafield tag="012" ind1=" " ind2=" ">
    <subfield code="a">lai. ,&amp;,̉ o-da inBa (C) 1597 (A)</subfield>
    <subfield code="2">fei</subfield>
  </datafield>
  <datafield tag="100" ind1=" " ind2=" ">
    <subfield code="a">20040107d1597        0itac0103    ba</subfield>
  </datafield>
  <datafield tag="101" ind1=" " ind2=" ">
    <subfield code="a">ITA</subfield>
  </datafield>
  <datafield tag="102" ind1=" " ind2=" ">
    <subfield code="a">IT</subfield>
  </datafield>
  <datafield tag="200" ind1="1" ind2=" ">
    <subfield code="a">Due orationi fatte in lode dell&apos;illust.mo signor Daniello Delfini dignissimo podest ̉di Treuigi, dedicate al molto illustre signor Aurelio Onigo meritissimo priore del Collegio de&apos; nobili di essa citt ̉da Gio. Domenico Salomoni Vdinese</subfield>
  </datafield>
  <datafield tag="210" ind1=" " ind2=" ">
    <subfield code="a">In Vdine</subfield>
    <subfield code="c">appresso Gio. Battista Natolini</subfield>
    <subfield code="d">1597</subfield>
  </datafield>
  <datafield tag="215" ind1=" " ind2=" ">
    <subfield code="a">\34! c.</subfield>
    <subfield code="d">4ʻ</subfield>
  </datafield>
  <datafield tag="300" ind1=" " ind2=" ">
    <subfield code="a">Per l&apos;autore cfr.: G. Comelli, Annali tipografici di G. B. Natolini, p. 52, n. 60</subfield>
  </datafield>
  <datafield tag="620" ind1=" " ind2=" ">
    <subfield code="a">IT</subfield>
    <subfield code="d">Udine</subfield>
  </datafield>
  <datafield tag="700" ind1=" " ind2="1">
    <subfield code="a">Treo,</subfield>
    <subfield code="b">Servilio</subfield>
    <subfield code="3">IT\ICCU\CNCA\017127</subfield>
  </datafield>
  <datafield tag="702" ind1=" " ind2="1">
    <subfield code="a">Salomoni,</subfield>
    <subfield code="b">Giovanni Domenico</subfield>
    <subfield code="3">IT\ICCU\CNCA\006415</subfield>
  </datafield>
  <datafield tag="712" ind1="0" ind2="0">
    <subfield code="a">Natolini, Giovanni Battista</subfield>
    <subfield code="3">IT\ICCU\CNCT\000645</subfield>
    <subfield code="4">650</subfield>
  </datafield>
  <datafield tag="790" ind1=" " ind2="1">
    <subfield code="a">Trei,</subfield>
    <subfield code="b">Servilio</subfield>
    <subfield code="3">IT\ICCU\CNCA\024798</subfield>
    <subfield code="z">Treo, Servilio</subfield>
  </datafield>
  <datafield tag="790" ind1=" " ind2="1">
    <subfield code="a">Salomonius,</subfield>
    <subfield code="b">Ioannes Dominicus</subfield>
    <subfield code="3">IT\ICCU\CNCA\024290</subfield>
    <subfield code="z">Salomoni, Giovanni Domenico</subfield>
  </datafield>
  <datafield tag="791" ind1="0" ind2="2">
    <subfield code="a">℗Al segno dell&apos;℗Esperienza</subfield>
    <subfield code="3">IT\ICCU\CNCT\002192</subfield>
    <subfield code="z">Natolini, Giovanni Battista</subfield>
  </datafield>
  <datafield tag="791" ind1="0" ind2="0">
    <subfield code="a">Natolinus, Ioannes Baptista</subfield>
    <subfield code="3">IT\ICCU\CNCT\005106</subfield>
    <subfield code="z">Natolini, Giovanni Battista</subfield>
  </datafield>
  <datafield tag="791" ind1="0" ind2="0">
    <subfield code="a">Natolino, Giovanbattista</subfield>
    <subfield code="3">IT\ICCU\CNCT\005107</subfield>
    <subfield code="z">Natolini, Giovanni Battista</subfield>
  </datafield>
  <datafield tag="801" ind1=" " ind2="3">
    <subfield code="a">IT</subfield>
    <subfield code="b">ICCU</subfield>
    <subfield code="c">20201115</subfield>
  </datafield>
  <datafield tag="899" ind1=" " ind2=" ">
    <subfield code="a">Biblioteca civica. Padova</subfield>
    <subfield code="1">PD0090</subfield>
    <subfield code="2">PUV 55</subfield>
  </datafield>
  <datafield tag="899" ind1=" " ind2=" ">
    <subfield code="a">Biblioteca civica Vincenzo Joppi. Udine</subfield>
    <subfield code="1">UD0106</subfield>
    <subfield code="2">FVG 12</subfield>
  </datafield>
  <datafield tag="899" ind1=" " ind2=" ">
    <subfield code="a">Biblioteca P. Bertolla del Seminario arcivescovile. Udine</subfield>
    <subfield code="1">UD0123</subfield>
    <subfield code="2">ZUD 06</subfield>
  </datafield>
  <datafield tag="899" ind1=" " ind2=" ">
    <subfield code="a">Biblioteca Bartoliniana. Udine</subfield>
    <subfield code="1">UD0243</subfield>
    <subfield code="2">ZUD 12</subfield>
  </datafield>
  <datafield tag="899" ind1=" " ind2=" ">
    <subfield code="a">Biblioteca d&apos;arte del Museo civico Correr. Venezia</subfield>
    <subfield code="1">VE0039</subfield>
    <subfield code="2">VEA BC</subfield>
  </datafield>
  <datafield tag="899" ind1=" " ind2=" ">
    <subfield code="a">Biblioteca nazionale Marciana. Venezia</subfield>
    <subfield code="1">VE0049</subfield>
    <subfield code="2">VEA BM</subfield>
  </datafield>
  <datafield tag="911" ind1=" " ind2=" ">
    <subfield code="a">Sul front.</subfield>
    <subfield code="9">IT\ICCU\CNCM\001807</subfield>
  </datafield>
  <datafield tag="921" ind1=" " ind2=" ">
    <subfield code="a">IT\ICCU\CNCM\001807</subfield>
    <subfield code="b">Esperienza (donna seduta saggia monete sulla pietra di paragone). Sullo sfondo un paesaggio. In cornice figurata</subfield>
    <subfield code="c">Z500</subfield>
    <subfield code="f">ESPERIENZA</subfield>
    <subfield code="f">DONNA</subfield>
    <subfield code="g">1593-1600</subfield>
  </datafield>
</record>
</collection>
